@inproceedings{ref1,
  title={Title 1},
  author={Firstname Lastname},
  booktitle={Book},
  year={1982}
}
@article{ref2,
  title={Title 2},
  author={Firstname Lastname},
  journal={Journal},
  volume={42},
  number={2},
  pages={999--1000},
  year={1982},
  publisher={Publisher}
}
@incollection{ref3,
  title={Title 3},
  author={Firstname Lastname},
  booktitle={Another Book},
  pages={42--72},
  year={1820},
  publisher={Publisher}
}
